@inproceedings{sadeghi2016towards,
  title={Towards a Unified Security Model for Physically Unclonable Functions},
  author={Sadeghi, Ahmad-Reza and Yung, Moti},
  booktitle={Topics in Cryptology-CT-RSA 2016: The Cryptographers' Track at the RSA Conference 2016, San Francisco, CA, USA, February 29-March 4, 2016, Proceedings},
  volume={9610},
  pages={271},
  year={2016},
  organization={Springer}
}

@incollection{goldreich2011collision,
  title={Collision-free hashing from lattice problems},
  author={Goldreich, Oded and Goldwasser, Shafi and Halevi, Shai},
  booktitle={Studies in Complexity and Cryptography. Miscellanea on the Interplay between Randomness and Computation},
  pages={30--39},
  year={2011},
  publisher={Springer}
}

@article{regev2009lattices,
  title={On lattices, learning with errors, random linear codes, and cryptography},
  author={Regev, Oded},
  journal={Journal of the ACM (JACM)},
  volume={56},
  number={6},
  pages={34},
  year={2009},
  publisher={ACM}
}